<record><leader>00000cas a22000007a 4500</leader><controlfield tag="001">10266936</controlfield><controlfield tag="008">840105c19809999okucr ne      0   a0eng d</controlfield><datafield ind1=" " ind2=" " tag="010"><subfield code="a">sn 84007867 </subfield></datafield><datafield ind1=" " ind2=" " tag="040"><subfield code="a">NSD</subfield><subfield code="b">eng</subfield><subfield code="c">NSD</subfield><subfield code="d">OBN</subfield><subfield code="d">OCLCQ</subfield><subfield code="d">OCLCF</subfield><subfield code="d">OCLCO</subfield></datafield><datafield ind1="1" ind2=" " tag="022"><subfield code="a">0746-7842</subfield><subfield code="l">0746-7842</subfield><subfield code="2">1</subfield></datafield><datafield ind1="1" ind2=" " tag="029"><subfield code="a">AU@</subfield><subfield code="b">000020420076</subfield></datafield><datafield ind1=" " ind2=" " tag="042"><subfield code="a">nsdp</subfield></datafield><datafield ind1=" " ind2=" " tag="043"><subfield code="a">n-us-ok</subfield></datafield><datafield ind1=" " ind2="4" tag="222"><subfield code="a">The Midwest City sun</subfield></datafield><datafield ind1="0" ind2="4" tag="245"><subfield code="a">The Midwest City sun.</subfield></datafield><datafield ind1="3" ind2=" " tag="246"><subfield code="a">Midwest City Sunday edition</subfield></datafield><datafield ind1="3" ind2=" " tag="246"><subfield code="a">Sunday sun</subfield></datafield><datafield ind1=" " ind2=" " tag="260"><subfield code="a">Midwest City, Okla. :</subfield><subfield code="b">Oklahoma County News Inc.</subfield></datafield><datafield ind1=" " ind2=" " tag="310"><subfield code="a">Semiweekly,</subfield><subfield code="b">Oct. 4, 1981-</subfield></datafield><datafield ind1=" " ind2=" " tag="321"><subfield code="a">Weekly,</subfield><subfield code="b">Mar. 1980-Oct. 1, 1981</subfield></datafield><datafield ind1="1" ind2=" " tag="362"><subfield code="a">Began in Mar. 1980.</subfield></datafield><datafield ind1=" " ind2=" " tag="515"><subfield code="a">Numbering is irregular.</subfield></datafield><datafield ind1=" " ind2=" " tag="588"><subfield code="a">Description based on: Vol. 56, no. 3 (Mar. 27, 1980).</subfield></datafield><datafield ind1=" " ind2="0" tag="651"><subfield code="a">Midwest City (Okla.)</subfield><subfield code="v">Newspapers.</subfield></datafield><datafield ind1=" " ind2="0" tag="651"><subfield code="a">Oklahoma County (Okla.)</subfield><subfield code="v">Newspapers.</subfield></datafield><datafield ind1=" " ind2="7" tag="655"><subfield code="a">Newspapers.</subfield><subfield code="2">fast</subfield><subfield code="0">(OCoLC)fst01423814</subfield></datafield><datafield ind1=" " ind2="7" tag="651"><subfield code="a">Oklahoma</subfield><subfield code="z">Midwest City.</subfield><subfield code="2">fast</subfield><subfield code="0">(OCoLC)fst01220339</subfield></datafield><datafield ind1=" " ind2="7" tag="651"><subfield code="a">Oklahoma</subfield><subfield code="z">Oklahoma County.</subfield><subfield code="2">fast</subfield><subfield code="0">(OCoLC)fst01210430</subfield></datafield><datafield ind1=" " ind2=" " tag="752"><subfield code="a">United States</subfield><subfield code="b">Oklahoma</subfield><subfield code="c">Oklahoma</subfield><subfield code="d">Midwest City.</subfield></datafield><datafield ind1="0" ind2="0" tag="780"><subfield code="t">Spencer star</subfield><subfield code="w">(DLC)sn 95076059</subfield><subfield code="w">(OCoLC)32322007</subfield></datafield></record>